<?xml version="1.0" encoding="utf-8"?>
<Lost-in-MarcMods-Conversion><leader>     nam a22      i 4500</leader><controlfield tag="008">981103s1882    esp           000 0 spa d</controlfield><datafield tag="245" ind1="1" ind2="0"><subfield code="c">hecho por el conservador de ella Don José María Rocamora.</subfield></datafield><datafield tag="260" ind1=" " ind2=" "><subfield code="f">Imp. de Fortanet</subfield></datafield><datafield tag="852" ind1=" " ind2=" "><subfield code="g">Vol.1</subfield></datafield><datafield tag="852" ind1=" " ind2=" "><subfield code="g">Vol.1</subfield></datafield><datafield tag="852" ind1=" " ind2=" "><subfield code="g">Vol.1</subfield></datafield><datafield tag="852" ind1=" " ind2=" "><subfield code="g">Vol.1</subfield></datafield></Lost-in-MarcMods-Conversion>
